[gd_scene load_steps=14 format=2]

[ext_resource path="res://assets/transitions/clouds.png" type="Texture" id=1]
[ext_resource path="res://global_effects.gd" type="Script" id=2]

[sub_resource type="VisualShaderNodeTexture" id=1]
source = 2
texture_type = 1

[sub_resource type="VisualShaderNodeInput" id=2]
input_name = "uv"

[sub_resource type="VisualShaderNodeInput" id=3]
input_name = "texture"

[sub_resource type="VisualShaderNodeScalarOp" id=4]
default_input_values = [ 0, 0.0, 1, 1.0 ]
operator = 1

[sub_resource type="VisualShaderNodeScalarClamp" id=5]

[sub_resource type="VisualShaderNodeScalarUniform" id=6]
uniform_name = "Percent"

[sub_resource type="VisualShaderNodeColorUniform" id=7]
uniform_name = "Color"

[sub_resource type="VisualShader" id=8]
code = "shader_type canvas_item;
uniform vec4 Color : hint_color;
uniform float Percent;



void vertex() {
// Output:0

}

void fragment() {
// ColorUniform:8
	vec3 n_out8p0 = Color.rgb;
	float n_out8p1 = Color.a;

// Input:3
	vec3 n_out3p0 = vec3(UV, 0.0);

// Input:4

// Texture:2
	vec3 n_out2p0;
	float n_out2p1;
	{
		vec4 _tex_read = texture(TEXTURE, n_out3p0.xy);
		n_out2p0 = _tex_read.rgb;
		n_out2p1 = _tex_read.a;
	}

// ScalarUniform:7
	float n_out7p0 = Percent;

// ScalarOp:5
	float n_out5p0 = dot(n_out2p0, vec3(0.333333, 0.333333, 0.333333)) - n_out7p0;

// ScalarClamp:6
	float n_in6p1 = 0.00000;
	float n_in6p2 = 1.00000;
	float n_out6p0 = clamp(n_out5p0, n_in6p1, n_in6p2);

// Output:0
	COLOR.rgb = n_out8p0;
	COLOR.a = n_out6p0;

}

void light() {
// Output:0

}
"
graph_offset = Vector2( -768.667, 207.333 )
mode = 1
flags/light_only = false
nodes/fragment/0/position = Vector2( 1080, 100 )
nodes/fragment/2/node = SubResource( 1 )
nodes/fragment/2/position = Vector2( -280, 20 )
nodes/fragment/3/node = SubResource( 2 )
nodes/fragment/3/position = Vector2( -560, 120 )
nodes/fragment/4/node = SubResource( 3 )
nodes/fragment/4/position = Vector2( -620, 260 )
nodes/fragment/5/node = SubResource( 4 )
nodes/fragment/5/position = Vector2( 180, 100 )
nodes/fragment/6/node = SubResource( 5 )
nodes/fragment/6/position = Vector2( 555.5, 149 )
nodes/fragment/7/node = SubResource( 6 )
nodes/fragment/7/position = Vector2( -140, 260 )
nodes/fragment/8/node = SubResource( 7 )
nodes/fragment/8/position = Vector2( 740, -40 )
nodes/fragment/connections = PoolIntArray( 3, 0, 2, 0, 4, 0, 2, 2, 6, 0, 0, 1, 5, 0, 6, 0, 2, 0, 5, 0, 7, 0, 5, 1, 8, 0, 0, 0 )

[sub_resource type="ShaderMaterial" id=9]
shader = SubResource( 8 )
shader_param/Color = Color( 0.215686, 0.192157, 0.258824, 1 )
shader_param/Percent = 1.0

[sub_resource type="Animation" id=12]
resource_name = "spiral_in"
tracks/0/type = "value"
tracks/0/path = NodePath("Spiral:visible")
tracks/0/interp = 1
tracks/0/loop_wrap = true
tracks/0/imported = false
tracks/0/enabled = true
tracks/0/keys = {
"times": PoolRealArray( 0, 1 ),
"transitions": PoolRealArray( 1, 1 ),
"update": 1,
"values": [ true, false ]
}
tracks/1/type = "value"
tracks/1/path = NodePath("Spiral:material:shader_param/Percent")
tracks/1/interp = 1
tracks/1/loop_wrap = true
tracks/1/imported = false
tracks/1/enabled = true
tracks/1/keys = {
"times": PoolRealArray( 0, 1 ),
"transitions": PoolRealArray( 1, 1 ),
"update": 0,
"values": [ -1.0, 1.0 ]
}

[sub_resource type="Animation" id=11]
tracks/0/type = "value"
tracks/0/path = NodePath("Spiral:visible")
tracks/0/interp = 1
tracks/0/loop_wrap = true
tracks/0/imported = false
tracks/0/enabled = true
tracks/0/keys = {
"times": PoolRealArray( 0, 1 ),
"transitions": PoolRealArray( 1, 1 ),
"update": 1,
"values": [ true, true ]
}
tracks/1/type = "value"
tracks/1/path = NodePath("Spiral:material:shader_param/Percent")
tracks/1/interp = 1
tracks/1/loop_wrap = true
tracks/1/imported = false
tracks/1/enabled = true
tracks/1/keys = {
"times": PoolRealArray( 0, 1 ),
"transitions": PoolRealArray( 1, 1 ),
"update": 0,
"values": [ 1.0, -1.0 ]
}

[node name="CanvasLayer" type="CanvasLayer"]
pause_mode = 2
layer = 12
script = ExtResource( 2 )

[node name="Spiral" type="Sprite" parent="."]
visible = false
material = SubResource( 9 )
position = Vector2( 640, 360 )
scale = Vector2( 0.5, 0.5 )
texture = ExtResource( 1 )

[node name="AnimationPlayer" type="AnimationPlayer" parent="."]
anims/spiral_in = SubResource( 12 )
anims/spiral_out = SubResource( 11 )

[node name="Tween" type="Tween" parent="."]
