[gd_scene load_steps=5 format=2]

[ext_resource path="res://tiles/wall.tscn" type="PackedScene" id=1]
[ext_resource path="res://characters/segment.tscn" type="PackedScene" id=2]
[ext_resource path="res://tiles/cracked_wall.tscn" type="PackedScene" id=3]
[ext_resource path="res://snake.gd" type="Script" id=4]

[node name="Node2D" type="Node2D"]

[node name="Wall" parent="." instance=ExtResource( 1 )]
position = Vector2( -192, 0 )

[node name="Wall2" parent="." instance=ExtResource( 1 )]
position = Vector2( -192, 64 )

[node name="Wall3" parent="." instance=ExtResource( 1 )]
position = Vector2( -192, 128 )

[node name="Wall4" parent="." instance=ExtResource( 1 )]
position = Vector2( -192, -64 )

[node name="Wall5" parent="." instance=ExtResource( 1 )]
position = Vector2( -192, -128 )

[node name="Wall6" parent="." instance=ExtResource( 1 )]
position = Vector2( -192, -192 )

[node name="Wall7" parent="." instance=ExtResource( 1 )]
position = Vector2( -192, 192 )

[node name="Wall8" parent="." instance=ExtResource( 1 )]
position = Vector2( -128, 192 )

[node name="Wall9" parent="." instance=ExtResource( 1 )]
position = Vector2( -64, 192 )

[node name="Wall10" parent="." instance=ExtResource( 1 )]
position = Vector2( 0, 192 )

[node name="Wall11" parent="." instance=ExtResource( 1 )]
position = Vector2( -128, -192 )

[node name="Wall12" parent="." instance=ExtResource( 1 )]
position = Vector2( -64, -192 )

[node name="Wall13" parent="." instance=ExtResource( 1 )]
position = Vector2( 0, -192 )

[node name="Wall14" parent="." instance=ExtResource( 1 )]
position = Vector2( 64, -192 )

[node name="Wall15" parent="." instance=ExtResource( 1 )]
position = Vector2( 128, -192 )

[node name="Wall16" parent="." instance=ExtResource( 1 )]
position = Vector2( 192, -128 )

[node name="Wall17" parent="." instance=ExtResource( 1 )]
position = Vector2( 192, -64 )

[node name="Wall18" parent="." instance=ExtResource( 1 )]
position = Vector2( 192, 0 )

[node name="Wall19" parent="." instance=ExtResource( 1 )]
position = Vector2( 192, 64 )

[node name="Wall20" parent="." instance=ExtResource( 1 )]
position = Vector2( 192, 128 )

[node name="Wall21" parent="." instance=ExtResource( 1 )]
position = Vector2( 64, 192 )

[node name="Wall22" parent="." instance=ExtResource( 1 )]
position = Vector2( 128, 192 )

[node name="Wall23" parent="." instance=ExtResource( 1 )]
position = Vector2( 192, 192 )

[node name="Wall24" parent="." instance=ExtResource( 1 )]
position = Vector2( 192, -192 )

[node name="Wall25" parent="." instance=ExtResource( 1 )]
position = Vector2( 0, -64 )

[node name="CrackedWall" parent="." instance=ExtResource( 3 )]

[node name="Wall26" parent="." instance=ExtResource( 1 )]
position = Vector2( -128, 128 )

[node name="Wall27" parent="." instance=ExtResource( 1 )]
position = Vector2( -128, -128 )

[node name="Wall28" parent="." instance=ExtResource( 1 )]
position = Vector2( 128, 128 )

[node name="Wall29" parent="." instance=ExtResource( 1 )]
position = Vector2( 128, -128 )

[node name="snek" type="Node2D" parent="."]
position = Vector2( 0, -128 )
script = ExtResource( 4 )

[node name="Segment" parent="snek" instance=ExtResource( 2 )]

[node name="Segment2" parent="snek" instance=ExtResource( 2 )]
position = Vector2( -64, 0 )

[node name="Segment3" parent="snek" instance=ExtResource( 2 )]
position = Vector2( -64, 64 )

[node name="Segment4" parent="snek" instance=ExtResource( 2 )]
position = Vector2( -64, 128 )

[node name="Segment5" parent="snek" instance=ExtResource( 2 )]
position = Vector2( -64, 192 )

[node name="Segment6" parent="snek" instance=ExtResource( 2 )]
position = Vector2( -64, 256 )

[node name="Segment7" parent="snek" instance=ExtResource( 2 )]
position = Vector2( 0, 256 )

[node name="Segment8" parent="snek" instance=ExtResource( 2 )]
position = Vector2( 64, 256 )

[node name="Segment9" parent="snek" instance=ExtResource( 2 )]
position = Vector2( 64, 192 )

[node name="Segment10" parent="snek" instance=ExtResource( 2 )]
position = Vector2( 128, 192 )

[node name="Segment11" parent="snek" instance=ExtResource( 2 )]
position = Vector2( 128, 128 )

[node name="Segment12" parent="snek" instance=ExtResource( 2 )]
position = Vector2( 128, 64 )

[node name="Camera2D" type="Camera2D" parent="."]
current = true
