[gd_scene load_steps=7 format=2]

[ext_resource path="res://tiles/wall.tscn" type="PackedScene" id=1]
[ext_resource path="res://characters/segment.tscn" type="PackedScene" id=2]
[ext_resource path="res://tiles/door.tscn" type="PackedScene" id=3]
[ext_resource path="res://tiles/button.tscn" type="PackedScene" id=4]
[ext_resource path="res://tiles/fruit.tscn" type="PackedScene" id=5]
[ext_resource path="res://snake.gd" type="Script" id=6]

[node name="Node2D" type="Node2D"]

[node name="Wall" parent="." instance=ExtResource( 1 )]
position = Vector2( 0, -64 )

[node name="Wall2" parent="." instance=ExtResource( 1 )]
position = Vector2( 0, -128 )

[node name="Wall3" parent="." instance=ExtResource( 1 )]
position = Vector2( -64, 64 )

[node name="Wall4" parent="." instance=ExtResource( 1 )]
position = Vector2( 64, 64 )

[node name="Wall5" parent="." instance=ExtResource( 1 )]
position = Vector2( -64, 128 )

[node name="Wall6" parent="." instance=ExtResource( 1 )]
position = Vector2( 64, 128 )

[node name="Wall7" parent="." instance=ExtResource( 1 )]
position = Vector2( -128, 192 )

[node name="Wall8" parent="." instance=ExtResource( 1 )]
position = Vector2( -128, 256 )

[node name="Wall9" parent="." instance=ExtResource( 1 )]
position = Vector2( -128, 320 )

[node name="Wall10" parent="." instance=ExtResource( 1 )]
position = Vector2( -64, 384 )

[node name="Wall11" parent="." instance=ExtResource( 1 )]
position = Vector2( 0, 384 )

[node name="Wall12" parent="." instance=ExtResource( 1 )]
position = Vector2( 64, 384 )

[node name="Wall13" parent="." instance=ExtResource( 1 )]
position = Vector2( 128, 320 )

[node name="Wall14" parent="." instance=ExtResource( 1 )]
position = Vector2( 128, 256 )

[node name="Wall15" parent="." instance=ExtResource( 1 )]
position = Vector2( 128, 192 )

[node name="Wall16" parent="." instance=ExtResource( 1 )]
position = Vector2( 64, -192 )

[node name="Wall17" parent="." instance=ExtResource( 1 )]
position = Vector2( -64, -192 )

[node name="Wall18" parent="." instance=ExtResource( 1 )]
position = Vector2( -64, -256 )

[node name="Wall19" parent="." instance=ExtResource( 1 )]
position = Vector2( 64, -256 )

[node name="Wall20" parent="." instance=ExtResource( 1 )]
position = Vector2( 128, -320 )

[node name="Wall21" parent="." instance=ExtResource( 1 )]
position = Vector2( -128, -320 )

[node name="Wall22" parent="." instance=ExtResource( 1 )]
position = Vector2( 256, -384 )

[node name="Wall23" parent="." instance=ExtResource( 1 )]
position = Vector2( 192, -384 )

[node name="Wall24" parent="." instance=ExtResource( 1 )]
position = Vector2( 320, -384 )

[node name="Wall25" parent="." instance=ExtResource( 1 )]
position = Vector2( -192, -384 )

[node name="Wall26" parent="." instance=ExtResource( 1 )]
position = Vector2( -256, -384 )

[node name="Wall27" parent="." instance=ExtResource( 1 )]
position = Vector2( -320, -384 )

[node name="Wall28" parent="." instance=ExtResource( 1 )]
position = Vector2( -384, -320 )

[node name="Wall29" parent="." instance=ExtResource( 1 )]
position = Vector2( -384, -256 )

[node name="Wall30" parent="." instance=ExtResource( 1 )]
position = Vector2( -384, -192 )

[node name="Wall33" parent="." instance=ExtResource( 1 )]
position = Vector2( -320, -128 )

[node name="Wall34" parent="." instance=ExtResource( 1 )]
position = Vector2( -320, -64 )

[node name="Wall35" parent="." instance=ExtResource( 1 )]
position = Vector2( -320, 0 )

[node name="Wall36" parent="." instance=ExtResource( 1 )]
position = Vector2( -384, 64 )

[node name="Wall37" parent="." instance=ExtResource( 1 )]
position = Vector2( -384, 128 )

[node name="Wall38" parent="." instance=ExtResource( 1 )]
position = Vector2( -384, 192 )

[node name="Wall31" parent="." instance=ExtResource( 1 )]
position = Vector2( -384, 256 )

[node name="Wall32" parent="." instance=ExtResource( 1 )]
position = Vector2( -320, 320 )

[node name="Wall39" parent="." instance=ExtResource( 1 )]
position = Vector2( -256, 320 )

[node name="Wall40" parent="." instance=ExtResource( 1 )]
position = Vector2( -192, 320 )

[node name="Wall41" parent="." instance=ExtResource( 1 )]
position = Vector2( -256, 128 )

[node name="Wall42" parent="." instance=ExtResource( 1 )]
position = Vector2( 192, 320 )

[node name="Wall43" parent="." instance=ExtResource( 1 )]
position = Vector2( 256, 320 )

[node name="Wall44" parent="." instance=ExtResource( 1 )]
position = Vector2( 320, 320 )

[node name="Wall45" parent="." instance=ExtResource( 1 )]
position = Vector2( 384, 256 )

[node name="Wall46" parent="." instance=ExtResource( 1 )]
position = Vector2( 384, 192 )

[node name="Wall47" parent="." instance=ExtResource( 1 )]
position = Vector2( 384, 128 )

[node name="Wall48" parent="." instance=ExtResource( 1 )]
position = Vector2( 384, 64 )

[node name="Wall49" parent="." instance=ExtResource( 1 )]
position = Vector2( 320, 0 )

[node name="Wall50" parent="." instance=ExtResource( 1 )]
position = Vector2( 320, -64 )

[node name="Wall51" parent="." instance=ExtResource( 1 )]
position = Vector2( 320, -128 )

[node name="Wall52" parent="." instance=ExtResource( 1 )]
position = Vector2( 384, -192 )

[node name="Wall53" parent="." instance=ExtResource( 1 )]
position = Vector2( 384, -256 )

[node name="Wall54" parent="." instance=ExtResource( 1 )]
position = Vector2( 384, -320 )

[node name="Wall55" parent="." instance=ExtResource( 1 )]
position = Vector2( -256, -256 )

[node name="Wall56" parent="." instance=ExtResource( 1 )]
position = Vector2( 256, -256 )

[node name="Wall57" parent="." instance=ExtResource( 1 )]
position = Vector2( 256, 128 )

[node name="Wall58" parent="." instance=ExtResource( 1 )]
position = Vector2( -192, -128 )

[node name="Wall59" parent="." instance=ExtResource( 1 )]
position = Vector2( 192, -128 )

[node name="Wall60" parent="." instance=ExtResource( 1 )]
position = Vector2( -192, 0 )

[node name="Wall61" parent="." instance=ExtResource( 1 )]
position = Vector2( 192, 0 )

[node name="Door" parent="." instance=ExtResource( 3 )]
position = Vector2( 0, 64 )

[node name="Button" parent="." instance=ExtResource( 4 )]
position = Vector2( -256, 192 )

[node name="Button2" parent="." instance=ExtResource( 4 )]
position = Vector2( 256, 192 )

[node name="Fruit" parent="." instance=ExtResource( 5 )]
position = Vector2( -320, -320 )

[node name="snek" type="Node2D" parent="."]
position = Vector2( -64, 0 )
script = ExtResource( 6 )

[node name="Segment" parent="snek" instance=ExtResource( 2 )]

[node name="Segment2" parent="snek" instance=ExtResource( 2 )]
position = Vector2( 64, 0 )

[node name="Segment3" parent="snek" instance=ExtResource( 2 )]
position = Vector2( 128, 0 )

[node name="Segment4" parent="snek" instance=ExtResource( 2 )]
position = Vector2( 128, -64 )

[node name="Segment5" parent="snek" instance=ExtResource( 2 )]
position = Vector2( 128, -128 )

[node name="Segment6" parent="snek" instance=ExtResource( 2 )]
position = Vector2( 192, -128 )

[node name="Segment7" parent="snek" instance=ExtResource( 2 )]
position = Vector2( 192, -192 )

[node name="Segment8" parent="snek" instance=ExtResource( 2 )]
position = Vector2( 192, -256 )

[node name="Segment9" parent="snek" instance=ExtResource( 2 )]
position = Vector2( 256, -256 )

[node name="Segment10" parent="snek" instance=ExtResource( 2 )]
position = Vector2( 256, -192 )

[node name="Segment11" parent="snek" instance=ExtResource( 2 )]
position = Vector2( 320, -192 )

[node name="Segment12" parent="snek" instance=ExtResource( 2 )]
position = Vector2( 320, -128 )

[node name="Segment13" parent="snek" instance=ExtResource( 2 )]
position = Vector2( 320, -64 )

[node name="Segment14" parent="snek" instance=ExtResource( 2 )]
position = Vector2( 320, 0 )

[node name="Camera2D" type="Camera2D" parent="."]
current = true
zoom = Vector2( 1.25, 1.25 )
